@inproceedings{yang2016reproducibility,
    title={A reproducibility study of information retrieval models},
    author={Yang, Peilin and Fang, Hui},
    booktitle={Proceedings of the 2016 ACM International Conference on the Theory of Information Retrieval},
    pages={77--86},
    year={2016},
    organization={ACM}
}
@online{kaggle1,
    author ={Rounak Banik},
    year = {2017},
    title ={The Movies Dataset,Metadata on over 45,000 movies. 26 million ratings from over 270,000 users.},
    url ={https://www.kaggle.com/rounakbanik/the-movies-dataset},
    month ={dec},
    lastaccessed ={Dec 16, 2019},
}
@online{imdb1,
    author ={IMDB},
    year = {2019},
    title ={IMDB},
    url ={https://www.imdb.com/?ref_=nv_home},
    month ={dec},
    lastaccessed ={Dec 16, 2019},
}